@INPROCEEDINGS{Borrmann06towardsa,
    author = {André Borrmann and Christoph Van Treeck and Ernst Rank},
    title = {Towards a 3D Spatial Query Language for Building Information Models},
    booktitle = {Proc. Joint Int. Conf. of Computing and Decision Making in Civil and Building Engineering (ICCCBE-XI},
    year = 2006
}

@article{ Borrmann:2009:JCCE,
	author = "Borrmann, A. and Schraufstetter, S. and Rank, E.",
	title = "Implementing Metric Operators of a Spatial Query Language for 3D Building Models: Octree and B-Rep Approaches",
	journal = "Journal of Computing in Civil Engineering",
	year = "2009",
	volume = "23",
	number = "1",
	pages = "34-46",
	doi = "10.1061/(ASCE)0887-3801(2009)23:1(34)",
}

@article{ Borrmann:2009:AEI,
	author = "Borrmann, A. and Rank, E.",
	title = "Specification and implementation of directional operators in a 3D spatial query language for building information models",
	journal = "Advanced Engineering Informatics",
	year = "2009",
	volume = "23",
	number = "1",
	pages = "32-44",
	doi = "10.1016/j.aei.2008.06.005",
}

@article{Egenhofer:1991:IJGIS,
    author = {Egenhofer, M. J. and Franzosa, R.},
    citeulike-article-id = 2238561,
    journal = {International Journal of Geographic Information Systems},
    number = {5(2)},
    pages = {161--174},
    posted-at = {2008-01-16 10:15:49},
    priority = 3,
    title = {{Point-set topological spatial relations}},
    year = 1991
}

@article{Daum2014,
    title = "Processing of Topological \{BIM\} Queries using Boundary
                  Representation Based Methods ",
    journal = "Advanced Engineering Informatics ",
    volume = "",
    number = "0",
    pages = " - ",
    year = "2014",
    note = "",
    issn = "1474-0346",
    doi = "http://dx.doi.org/10.1016/j.aei.2014.06.001",
    url = "http://www.sciencedirect.com/science/article/pii/S1474034614000391",
    author = "Simon Daum and André Borrmann",
    keywords = "Building information modeling",
    keywords = "3D spatial query language",
    keywords = "Topology",
    keywords = "Boundary representation",
    keywords = "\{QL4BIM\} "
}

@article{Retz-Schmidt:1988:VVS:46184.46189,
    author = {Retz-Schmidt, Gudula},
    title = {Various Views on Spatial Prepositions},
    journal = {AI Mag.},
    issue_date = {July/August 1988},
    volume = {9},
    number = {2},
    month = jul,
    year = {1988},
    issn = {0738-4602},
    pages = {95--105},
    numpages = {11},
    url = {http://dl.acm.org/citation.cfm?id=46184.46189},
    acmid = {46189},
    publisher = {American Association for Artificial Intelligence},
    address = {Menlo Park, CA, USA},
} 

@article{Allen:1983:MKT:182.358434,
    author = {Allen, James F.},
    title = {Maintaining Knowledge About Temporal Intervals},
    journal = {Commun. ACM},
    issue_date = {Nov. 1983},
    volume = {26},
    number = {11},
    month = nov,
    year = {1983},
    issn = {0001-0782},
    pages = {832--843},
    numpages = {12},
    url = {http://doi.acm.org/10.1145/182.358434},
    doi = {10.1145/182.358434},
    acmid = {358434},
    publisher = {ACM},
    address = {New York, NY, USA},
    keywords = {interval reasoning, interval representation, temporal interval},
} 

@book{guesgen1989spatial,
    title={Spatial reasoning based on Allen's temporal logic},
    author={Guesgen, Hans Werner},
    year={1989},
    publisher={International Computer Science Institute Berkeley, CA}
}

@book{papadias1995topological,
    title={Topological relations in the world of minimum bounding rectangles: a study with R-trees},
    author={Papadias, Dimitris and Sellis, Timos and Theodoridis, Yannis and Egenhofer, Max J},
    volume={24},
    number={2},
    year={1995},
    publisher={ACM}
}

@article{goyal2000similarity,
  title={Similarity Assessment For Cardinal Directions Between Extended Spatial Objects},
  author={Goyal, Roop and Goyal, Roop K and Goyal, K},
  year={2000},
  publisher={Citeseer}
}
